<?xml version="1.0" encoding="UTF-8"?><collection xmlns="http://www.loc.gov/MARC21/slim"><record><leader>00347nam--2200133-i-4500</leader><controlfield tag="001">000021559</controlfield><controlfield tag="002">20161230</controlfield><controlfield tag="005">20170225203159</controlfield><controlfield tag="008">060222s1000------------r-----000-0-eng-d</controlfield><datafield ind1=" " ind2=" " tag="245"><subfield code="a">Handbuch der katalyse. Heterogene katalyse II</subfield></datafield><datafield ind1=" " ind2=" " tag="260"><subfield code="a">Berlin</subfield><subfield code="b">Springer-Verlag</subfield></datafield><datafield ind1=" " ind2=" " tag="700"><subfield code="a">Schwab, Georg-Maria</subfield></datafield><datafield ind1=" " ind2=" " tag="852"><subfield code="a">13406</subfield></datafield><datafield ind1=" " ind2=" " tag="CAT"><subfield code="a">SYS</subfield><subfield code="c">20170225</subfield><subfield code="h">203159</subfield></datafield></record></collection>